<?xml version="1.0" encoding="UTF-8"?>
<searchRetrieveResponse xmlns="http://www.loc.gov/zing/srw/"><version>1.1</version><numberOfRecords>1</numberOfRecords><records><record><recordSchema>MARC21-xml</recordSchema><recordPacking>xml</recordPacking><recordData><record xmlns="http://www.loc.gov/MARC21/slim" type="Bibliographic">
    <leader>00000pim a2200000 c 4500</leader>
    <controlfield tag="001">988575159</controlfield>
    <controlfield tag="003">DE-101</controlfield>
    <controlfield tag="005">20200305113140.0</controlfield>
    <controlfield tag="007">sd||||||||||||</controlfield>
    <controlfield tag="007">co||||||||||||</controlfield>
    <controlfield tag="008">080506s2009    gw |||||q|||||||||||ger  </controlfield>
    <datafield tag="015" ind1=" " ind2=" ">
      <subfield code="a">09,A05,2068</subfield>
      <subfield code="z">08,N21,1461</subfield>
      <subfield code="2">dnb</subfield>
    </datafield>
    <datafield tag="016" ind1="7" ind2=" ">
      <subfield code="2">DE-101</subfield>
      <subfield code="a">988575159</subfield>
    </datafield>
    <datafield tag="020" ind1=" " ind2=" ">
      <subfield code="a">9783785737064</subfield>
      <subfield code="c">: 19.95 (freier Pr.), ca. sfr 37.30 (freier Pr.)</subfield>
      <subfield code="9">978-3-7857-3706-4</subfield>
    </datafield>
    <datafield tag="024" ind1="3" ind2=" ">
      <subfield code="a">9783785737064</subfield>
    </datafield>
    <datafield tag="035" ind1=" " ind2=" ">
      <subfield code="a">(DE-599)DNB988575159</subfield>
    </datafield>
    <datafield tag="035" ind1=" " ind2=" ">
      <subfield code="a">(OCoLC)837441536</subfield>
    </datafield>
    <datafield tag="035" ind1=" " ind2=" ">
      <subfield code="a">(OCoLC)723831376</subfield>
    </datafield>
    <datafield tag="040" ind1=" " ind2=" ">
      <subfield code="a">1145</subfield>
      <subfield code="b">ger</subfield>
      <subfield code="c">DE-101</subfield>
      <subfield code="d">1166</subfield>
    </datafield>
    <datafield tag="041" ind1=" " ind2=" ">
      <subfield code="a">ger</subfield>
      <subfield code="h">eng</subfield>
    </datafield>
    <datafield tag="044" ind1=" " ind2=" ">
      <subfield code="c">XA-DE-NW</subfield>
    </datafield>
    <datafield tag="082" ind1="7" ind2="4">
      <subfield code="a">810</subfield>
      <subfield code="a">B</subfield>
      <subfield code="q">DE-101</subfield>
      <subfield code="2">22sdnb</subfield>
    </datafield>
    <datafield tag="245" ind1="0" ind2="0">
      <subfield code="a">Leises Gift</subfield>
      <subfield code="c">Greg Iles. Gelesen von Reent Reins. Aus dem Amerikan. übers. von Axel Merz. Regie: Kathrin Weick</subfield>
    </datafield>
    <datafield tag="250" ind1=" " ind2=" ">
      <subfield code="a">Bearb. Fassung</subfield>
    </datafield>
    <datafield tag="264" ind1=" " ind2="1">
      <subfield code="a">Bergisch Gladbach</subfield>
      <subfield code="b">Lübbe</subfield>
      <subfield code="c">2009</subfield>
    </datafield>
    <datafield tag="264" ind1=" " ind2="1">
      <subfield code="a">[Burgwedel]</subfield>
      <subfield code="b">Tonpool-Medien-GmbH [Vertrieb]</subfield>
      <subfield code="c">2009</subfield>
    </datafield>
    <datafield tag="300" ind1=" " ind2=" ">
      <subfield code="a">6 CDs</subfield>
      <subfield code="c">12 cm, in Behältnis 13 x 15 x 2 cm</subfield>
    </datafield>
    <datafield tag="336" ind1=" " ind2=" ">
      <subfield code="a">gesprochenes Wort</subfield>
      <subfield code="b">spw</subfield>
      <subfield code="2">rdacontent</subfield>
    </datafield>
    <datafield tag="337" ind1=" " ind2=" ">
      <subfield code="a">audio</subfield>
      <subfield code="b">s</subfield>
      <subfield code="2">rdamedia</subfield>
    </datafield>
    <datafield tag="338" ind1=" " ind2=" ">
      <subfield code="a">Audiodisk</subfield>
      <subfield code="b">sd</subfield>
      <subfield code="2">rdacarrier</subfield>
    </datafield>
    <datafield tag="490" ind1="0" ind2=" ">
      <subfield code="a">Lübbe audio - Bücher zum Hören</subfield>
    </datafield>
    <datafield tag="653" ind1=" " ind2=" ">
      <subfield code="a">(VLB-PF)AC: Audio-CD</subfield>
    </datafield>
    <datafield tag="653" ind1=" " ind2=" ">
      <subfield code="a">(VLB-PG)SD400: Audio-CD</subfield>
    </datafield>
    <datafield tag="653" ind1=" " ind2=" ">
      <subfield code="a">(VLB-WN)5121: AUDIO/Belletristik/Krimis, Thriller, Spionage</subfield>
    </datafield>
    <datafield tag="655" ind1=" " ind2="7">
      <subfield code="0">(DE-588)4522869-3</subfield>
      <subfield code="0">https://d-nb.info/gnd/4522869-3</subfield>
      <subfield code="0">(DE-101)955174880</subfield>
      <subfield code="a">CD</subfield>
      <subfield code="2">gnd-carrier</subfield>
    </datafield>
    <datafield tag="700" ind1="1" ind2=" ">
      <subfield code="0">(DE-588)121099288</subfield>
      <subfield code="0">https://d-nb.info/gnd/121099288</subfield>
      <subfield code="0">(DE-101)121099288</subfield>
      <subfield code="a">Iles, Greg</subfield>
      <subfield code="d">1960-2025</subfield>
      <subfield code="e">Mitwirkender</subfield>
      <subfield code="4">ctb</subfield>
      <subfield code="2">gnd</subfield>
    </datafield>
    <datafield tag="700" ind1="1" ind2=" ">
      <subfield code="0">(DE-588)134046005</subfield>
      <subfield code="0">https://d-nb.info/gnd/134046005</subfield>
      <subfield code="0">(DE-101)134046005</subfield>
      <subfield code="a">Reins, Reent</subfield>
      <subfield code="d">1943-</subfield>
      <subfield code="e">Mitwirkender</subfield>
      <subfield code="4">ctb</subfield>
      <subfield code="2">gnd</subfield>
    </datafield>
    <datafield tag="700" ind1="1" ind2=" ">
      <subfield code="0">(DE-588)136617263</subfield>
      <subfield code="0">https://d-nb.info/gnd/136617263</subfield>
      <subfield code="0">(DE-101)136617263</subfield>
      <subfield code="a">Merz, Axel</subfield>
      <subfield code="d">1957-</subfield>
      <subfield code="e">Mitwirkender</subfield>
      <subfield code="4">ctb</subfield>
      <subfield code="2">gnd</subfield>
    </datafield>
    <datafield tag="700" ind1="1" ind2=" ">
      <subfield code="8">1\p</subfield>
      <subfield code="a">Weick, Kathrin</subfield>
      <subfield code="e">Mitwirkender</subfield>
      <subfield code="4">ctb</subfield>
    </datafield>
    <datafield tag="730" ind1="0" ind2="2">
      <subfield code="a">True evil</subfield>
      <subfield code="g">dt.</subfield>
    </datafield>
    <datafield tag="775" ind1="0" ind2="8">
      <subfield code="i">Digitale Übertragung</subfield>
      <subfield code="t">Leises Gift</subfield>
      <subfield code="d">Leipzig ; Frankfurt am Main : Deutsche Nationalbibliothek, 2020</subfield>
      <subfield code="h">1 Online-Ressource (6 CDs)</subfield>
      <subfield code="w">(DE-101)1205912487</subfield>
    </datafield>
    <datafield tag="850" ind1=" " ind2=" ">
      <subfield code="a">DE-101a</subfield>
      <subfield code="a">DE-101b</subfield>
    </datafield>
    <datafield tag="883" ind1="2" ind2=" ">
      <subfield code="8">1\p</subfield>
      <subfield code="a">dnb</subfield>
      <subfield code="d">20200614</subfield>
      <subfield code="q">DE-101</subfield>
      <subfield code="u">https://d-nb.info/provenance/plan#dnb</subfield>
    </datafield>
    <datafield tag="925" ind1="r" ind2=" ">
      <subfield code="a">ra</subfield>
    </datafield>
  </record></recordData><recordPosition>1</recordPosition></record></records><echoedSearchRetrieveRequest><version>1.1</version><query>WOE=Leises Gift Iles</query><xQuery xmlns:xsi="http://www.w3.org/2001/XMLSchema-instance" xsi:nil="true"/><maximumRecords>5</maximumRecords><recordSchema>MARC21-xml</recordSchema></echoedSearchRetrieveRequest></searchRetrieveResponse>